@article{kragten2010proposal,
  title={A proposal for benchmark tests for underactuated or compliant hands},
  author={Kragten, GA and Meijneke, C and Herder, JL},
  journal={Mechanical Sciences, 1 (1), 2010},
  year={2010},
  publisher={Copernicus}
}

@article{moberg2008benchmark,
	title={A benchmark problem for robust control of a multivariable nonlinear flexible manipulator},
	author={Moberg, Stig and {\"O}hr, Jonas and Gunnarsson, Svante},
	year={2008},
	publisher={Link{\"o}ping University Electronic Press}
}

@article{kootstra2012visgrab,
  title={VisGraB: A benchmark for vision-based grasping},
  author={Kootstra, Gert and Popovi{\'c}, Mila and J{\o}rgensen, Jimmy Alison and Kragic, Danica and Petersen, Henrik Gordon and Kr{\"u}ger, Norbert},
  journal={Paladyn, Journal of Behavioral Robotics},
  volume={3},
  number={2},
  pages={54--62},
  year={2012}
}

@inproceedings{ten2014localizing,
  title={Localizing Handle-like Grasp Affordances in 3D Point Clouds},
  author={ten Pas, Andreas and Platt, Robert},
  booktitle={International Symposium on Experimental Robotics},
  year={2014},
  organization={Citeseer}
}

@inproceedings{stein2014object,
  title={Object Partitioning using Local Convexity},
  author={Stein, Simon Christoph and Schoeler, Markus and Papon, Jeremie and Worgotter, Florentin},
  booktitle={Computer Vision and Pattern Recognition (CVPR), 2014 IEEE Conference on},
  pages={304--311},
  year={2014},
  organization={IEEE}
}

@article{DBLP:journals/corr/PasP15,
  author    = {Andreas ten Pas and
               Robert Platt},
  title     = {Localizing antipodal grasps in point clouds},
  journal   = {CoRR},
  volume    = {abs/1501.03100},
  year      = {2015},
  url       = {http://arxiv.org/abs/1501.03100},
  timestamp = {Mon, 02 Feb 2015 14:12:25 +0100},
  biburl    = {http://dblp.uni-trier.de/rec/bib/journals/corr/PasP15},
  bibsource = {dblp computer science bibliography, http://dblp.org}
}

@article{ten2013taubin,
  author    = {Andreas ten Pas and
               Robert Platt},
  title     = {Localizing Grasp Affordances in 3-D Points Clouds Using Taubin Quadric
               Fitting},
  journal   = {CoRR},
  volume    = {abs/1311.3192},
  year      = {2013},
  url       = {http://arxiv.org/abs/1311.3192},
  timestamp = {Tue, 03 Dec 2013 15:04:22 +0100},
  biburl    = {http://dblp.uni-trier.de/rec/bib/journals/corr/PasP13},
  bibsource = {dblp computer science bibliography, http://dblp.org}
}

@inproceedings{popovic2011grasping,
	title={Grasping unknown objects using an early cognitive vision system for general scene understanding},
	author={Popovi{\'c}, Mila and Kootstra, Gert and J{\o}rgensen, Jimmy Alison and Kragic, Danica and Kr{\"u}ger, Norbert},
	booktitle={Intelligent Robots and Systems (IROS), 2011 IEEE/RSJ International Conference on},
	pages={987--994},
	year={2011},
	organization={IEEE}
}

@inproceedings{zielinski2006rubik,
	title={Rubikâ€™s cube puzzle as a benchmark for service robots},
	author={Zielinski, Cezary and Szynkiewicz, Wojciech and Winiarski, Tomasz and Staniak, Maciej},
	booktitle={Proceedings of the 12th IEEE International Conference on Methods and Models in Automation and Robotics, MMAR},
	pages={579--84},
	year={2006},
	organization={Citeseer}
}

@inproceedings{berenson2008grasp,
	title={Grasp synthesis in cluttered environments for dexterous hands},
	author={Berenson, Dmitry and Srinivasa, Siddhartha S},
	booktitle={Humanoid Robots, 2008. Humanoids 2008. 8th IEEE-RAS International Conference on},
	pages={189--196},
	year={2008},
	organization={IEEE}
}

@article{stuckler2012demonstrating,
	title={Demonstrating Everyday Manipulation Skills in RoboCup@ Home},
	author={Stuckler, Jorg and Holz, Dirk and Behnke, Sven},
	journal={IEEE Robotics and Automation Magazine},
	pages={34--42},
	year={2012}
}

@inproceedings{shilane2004princeton,
	title={The princeton shape benchmark},
	author={Shilane, Philip and Min, Patrick and Kazhdan, Michael and Funkhouser, Thomas},
	booktitle={Shape modeling applications, 2004. Proceedings},
	pages={167--178},
	year={2004},
	organization={IEEE}
}

@inproceedings{goldfeder2009data,
	title={Data-driven grasping with partial sensor data},
	author={Goldfeder, Corey and Ciocarlie, Matei and Peretzman, Jaime and Dang, Hao and Allen, Peter K},
	booktitle={Intelligent Robots and Systems, 2009. IROS 2009. IEEE/RSJ International Conference on},
	pages={1278--1283},
	year={2009},
	organization={IEEE}
}

@inproceedings{shakhimardanov2007comparative,
	title={Comparative evaluation of robotic software integration systems: A case study},
	author={Shakhimardanov, Azamat and Prassler, Erwin},
	booktitle={Intelligent Robots and Systems, 2007. IROS 2007. IEEE/RSJ International Conference on},
	pages={3031--3037},
	year={2007},
	organization={IEEE}
}